@preamble { "\newcommand{\myname}{\underline{Duco van Amstel}}" }

@inproceedings{domagala:dataflow_tiling:2016,
	Author = {Domaga{\l{}}a, {\L{}}ukasz and \myname{} and Rastello, Fabrice},
	Title = {Generalized cache tiling for dataflow programs},
	Booktitle = {Proceedings of the 17th ACM SIGPLAN/SIGBED Conference on Languages, Compilers and
		Tools for Embedded Systems},
	Series = {LCTES '16},
	Year = {2016},
	Location = {Santa Barbara, CA, USA},
	Publisher = {ACM},
	Note = {(Acceptance rate 27\% -- 12/44)},
}

@inproceedings{domagala:register_tiling:2016,
	Author = {Domaga{\l{}}a, {\L{}}ukasz and \myname{} and Rastello, Fabrice and Sadayappan, P.},
	Title = {Register allocation and promotion through combined instruction scheduling and loop unrolling},
	Booktitle = {Proceedings of the 25th Conference on Compiler Construction},
	Series = {CC '16},
	Year = {2016},
	Location = {Barcelona, Spain},
	Pages = {143--151},
	Publisher = {ACM},
	Note = {(Acceptance rate 31\% -- 24/77)},
}

@inproceedings{dinechin:qos-noc:2014,
	Author = {Dupont de Dinechin, Benoît and Durand, Yves and \myname{} and Ghiti, Alexandre},
	Title = {{G}uaranteed {S}ervices of the {N}o{C} of a {M}anycore {P}rocessor},
	Booktitle = {Proceedings of the 2014 International Workshop on Network on Chip Architectures},
	Series = {NoCArc '14},
	Year = {2014},
	Location = {Cambridge, UK},
	Pages = {11--16},
	Publisher = {ACM},
	Note = {(Acceptance rate 41\% -- 9/22)},
}

@inproceedings{dinechin:time-critical:2014,
	Author = {Dupont de Dinechin, Benoît and \myname{} and Poulhiès, Marc and Lager, Guillaume},
	Title = {{T}ime-{C}ritical {C}omputing on a {S}ingle-{C}hip {M}assively {P}arallel {P}rocessor},
	Booktitle = {Proceedings of the 17th conference on Design, Automation and Test in Europe},
	Series = {DATE '14},
	Year = {2014},
	Location = {Dresden, Germany},
	Pages = {97:1--97:6},
	Publisher = {European Design and Automation Association},
	Note = {(Acceptance rate 23\% -- 206/890)},
}


% Thesis
@phdthesis{vanamstel:data_locality:2016,
	Author = {\myname{}},
	Title = {Data Locality on Manycore Architectures},
	School = {Université Grenoble Alpes},
	Month = jul,
	Year = {2016},
}

@mastersthesis{vanamstel:boinc:2012,
	Author = {\myname{}},
	Title = {Scheduling for Volunteer Computing on the {BOINC} Server Infrastructure},
	School = {Ecole Normale Supérieure de Lyon},
	Month = jun,
	Year = {2012},
}


% Patents
@misc{vanamstel:token_bucket:2015,
	Author = {\myname{} and Blampey, Alexandre and Dupont de Dinechin, Benoît},
	Title = {Token Bucket Flow-Rate Limiter},
	Year = {Filed 2015, Awarded 2017},
}
